@book {thinking-in-cpp,
	author = "Bruce Eckel, Chuck Allison",
	title = "Thinking in C++ Tom 2",
	pubisher = "Wydawnictwo Helion",
	year = "2004",
	}
	
@book {stallings,
	author = "William Stallings2",
	title = "Organizacja i architektura systemu komputerowego",
	pubisher = "Wydawnictwo WNT",
	year = "2004",
	}
